<record><leader>00000cas a22000007a 4500</leader><controlfield tag="001">15127736</controlfield><controlfield tag="008">870129d18501851iauwr ne      0    0eng d</controlfield><datafield ind1=" " ind2=" " tag="010"><subfield code="a">sn 87005811 </subfield></datafield><datafield ind1=" " ind2=" " tag="040"><subfield code="a">INP</subfield><subfield code="b">eng</subfield><subfield code="c">INP</subfield><subfield code="d">OCLCQ</subfield></datafield><datafield ind1=" " ind2=" " tag="042"><subfield code="a">msc</subfield></datafield><datafield ind1="0" ind2="0" tag="245"><subfield code="a">Keosauqua Jeffersonian.</subfield></datafield><datafield ind1="1" ind2="3" tag="246"><subfield code="a">Keosauqua weekly Jeffersonian</subfield></datafield><datafield ind1=" " ind2=" " tag="260"><subfield code="a">Keosauqua, Iowa :</subfield><subfield code="b">O.E. Jones,</subfield><subfield code="c">1850-</subfield></datafield><datafield ind1=" " ind2=" " tag="300"><subfield code="a">v.</subfield></datafield><datafield ind1=" " ind2=" " tag="310"><subfield code="a">Weekly</subfield></datafield><datafield ind1="0" ind2=" " tag="362"><subfield code="a">Vol. 1, no. 1 (Apr. 29, 1850)-</subfield></datafield><datafield ind1="1" ind2=" " tag="362"><subfield code="a">Ceased in June 1851?</subfield><subfield code="z">Cf. Bibl. of Iowa newspapers.</subfield></datafield><datafield ind1=" " ind2=" " tag="752"><subfield code="a">United States</subfield><subfield code="b">Iowa</subfield><subfield code="c">Van Buren</subfield><subfield code="d">Keosauqua.</subfield></datafield><datafield ind1="0" ind2="0" tag="780"><subfield code="t">Iowa Democrat (Keosauqua, Iowa)</subfield><subfield code="w">(DLC)sn 86060129</subfield></datafield><datafield ind1="0" ind2="0" tag="785"><subfield code="t">Western American (Keosauqua, Iowa)</subfield><subfield code="w">(DLC)sn 87058012</subfield></datafield></record>